
%% Created for Jakob Suckale at 2007-09-06 11:30:44 +0200 


%% Saved with string encoding Unicode (UTF-8) 

%%%%Lista de prefijos usados
% pr - paper
% gl - glosario
% bk - libros
% cu - referencias al cobre
% ot - otros



%%%papers citas
%%%%%%%%%%%%%%%%%%%%%%%%%%%%%%%%%%%%%%%%%%%%%%%%


@inproceedings{pr_akita2016deep,
	title={Deep learning for stock prediction using numerical and textual information},
	author={Akita, Ryo and Yoshihara, Akira and Matsubara, Takashi and Uehara, Kuniaki},
	booktitle={2016 IEEE/ACIS 15th International Conference on Computer and Information Science (ICIS)},
	pages={1--6},
	year={2016},
	organization={IEEE}
}

@article{pr_cortez2018alternative,
	title={Alternative techniques for forecasting mineral commodity prices},
	author={Cortez, CA Tapia and Saydam, S and Coulton, J and Sammut, C},
	journal={International Journal of Mining Science and Technology},
	volume={28},
	number={2},
	pages={309--322},
	year={2018},
	publisher={Elsevier}
}

@article{pr_dehghani2018copper,
	title={Copper price estimation using bat algorithm},
	author={Dehghani, Hesam and Bogdanovic, Dejan},
	journal={Resources Policy},
	volume={55},
	pages={55--61},
	year={2018},
	publisher={Elsevier}
}

@inproceedings{pr_jingrui2017method,
	title={A method of optimizing LDA result purity based on semantic similarity},
	author={Jingrui, Zhu and Qinglin, Wang and Yu, Liu and Yuan, Li},
	booktitle={2017 32nd Youth Academic Annual Conference of Chinese Association of Automation (YAC)},
	pages={361--365},
	year={2017},
	organization={IEEE}
}

@inproceedings{pr_rao2015qualitative,
	title={Qualitative Stock Market Predicting with Common Knowledge Based Nature Language Processing: A Unified View and Procedure},
	author={Rao, Dongning and Deng, Fudong and Jiang, Zhihua and Zhao, Gansen},
	booktitle={2015 7th International Conference on Intelligent Human-Machine Systems and Cybernetics},
	volume={2},
	pages={381--384},
	year={2015},
	organization={IEEE}
}

@mastersthesis{pr_tipirisetty2018stock,
	title={Stock Price Prediction using Deep Learning},
	author={Tipirisetty, Abhinav},
	year={2018},
	school={San José State University},
	note={Master's Projects},
	doi={https://doi.org/10.31979/etd.bzmm-36m7}
}

@misc{pr_trastour2016prediction,
	title={Prediction of the crude oil price thanks to natural language processing applied to newspapers},
	author={Trastour, Sophie and Genin, Maxime and Morlot, Arthur},
	year={2016},
	url={http://cs229.stanford.edu/proj2016/report/}
}

@inproceedings{pr_yun2019stock,
	title={Stock Prices Prediction using the Title of Newspaper Articles with Korean Natural Language Processing},
	author={Yun, Hyungbin and Sim, Ghudae and Seok, Junhee},
	booktitle={2019 International Conference on Artificial Intelligence in Information and Communication (ICAIIC)},
	pages={019--021},
	year={2019},
	organization={IEEE}
}

@article{pr_zhao2017fuzzy,
	title={Fuzzy bag-of-words model for document representation},
	author={Zhao, Rui and Mao, Kezhi},
	journal={IEEE Transactions on Fuzzy Systems},
	volume={26},
	number={2},
	pages={794--804},
	year={2017},
	publisher={IEEE}
}


%%%Glosarios - diccionarios
%%%%%%%%%%%%%%%%%%%%%%%%%%%%%%%%%%%%%%%%%%%%%%%%

@misc{gl_gartner,
	author    = {{Gartner}},
	title     = "Gartner IT Glossary",
	year     = "2019",
	url = "https://www.gartner.com/it-glossary/"
}

@misc{gl_ibm,
	author    = {{IBM}},
	title     = "IBM AI glossary",
	year     = "2019",
	url = "https://www.ibm.com/cloud/garage/architectures/cognitiveArchitecture/glossary"
}

@misc{gl_rae,
	author    = {{Real Academia Española}},
	title     = "Diccionario de la lengua española",
	edition="Twenty-third",
	year     = "2014",
	url = "https://dle.rae.es/?w=diccionario"
}


%%Libros
%%%%%%%%%%%%%%%%%%%%%%%%%%%%%%%%%%%%%%%%%%%%%%%%

@book{bk_gollapudi2016practical,
	title={Practical machine learning},
	author={Gollapudi, Sunila},
	year={2016},
	publisher={Packt Publishing Ltd}
}

@article{bk_goyal2018deep,
	title={Deep learning for natural language processing},
	author={Goyal, Palash and Pandey, Sumit and Jain, Karan},
	journal={Deep Learning for Natural Language Processing: Creating Neural Networks with Python [Berkeley, CA]: Apress},
	pages={138--143},
	year={2018},
	publisher={Springer}
}

@incollection{bk_kulkarni2019exploring,
	title={Exploring and Processing Text Data},
	author={Kulkarni, Akshay and Shivananda, Adarsha},
	booktitle={Natural Language Processing Recipes},
	pages={37--65},
	year={2019},
	publisher={Springer}
}

%%%%Referencias respecto al cobre
%%%%%%%%%%%%%%%%%%%%%%%%%%%%%%%%%%%%%%%%%%%%%%%%



@misc{cu_lagos2017proyectar,
	author    = {Gustavo Lagos},
	title     = "¿Cómo lo han hecho los especialistas?: aciertos y desaciertos al proyectar el precio del cobre",
	year     = "2017",
	month = "October",
	address="Chile",
	url = "https://gyn.claseejecutiva.uc.cl/como-lo-han-hecho-los-especialistas-aciertos-y-desaciertos-al-proyectar-el-precio-del-cobre/#"
}

@techreport{cu_ministerioPeru_statsminas,
	author={{Ministerio de Energía y Minas (ESTAMIN)}},
	title     = "Perú: país líder de los metales del futuro",
	year = "2019",
	month="February",
	type="Boletín Estadistico Minero"
}

@misc{cu_internationalcopper2018,
	title={The World Copper Factbook 2018},
	author={{Study Group International Copper}},
	year={2018},
	url={www.icsg.org}
}
%    address={Portugal},


@misc{cu_USAcommodity2019,
	title={Mineral commodity summaries 2019: U.S. Geological Survey},
	author={{U.S. Geological Survey}},
	year={2019},
	doi={https://doi.org/10.3133/70202434}
}

%MÍO
@misc{cu_ceplan,
	author    = {{CEPLAN}},
	title     = "Análisis del crecimiento y expansión urbana a nivel nacional y el impacto a nivel regional",
	year     = "2023",
	month = "March",
	address="Perú",
	url = "https://geo.ceplan.gob.pe/uploads/Analisis_crecimiento_expansion_urbana.pdf"
}


@misc{cu_statista2023,
	title={Crimenes con mayor tasa de victimas en areas urbanas de Peru entre julio y diciembre del 2023},
	author={{Statista Research Department}},
	year={2023},
	url={https://es.statista.com/estadisticas/1290030/tasa-de-victimas-por-hecho-delictivo-peru/}
}

@misc{cu_numbeo2023,
	title={América: Índice de Criminalidad 2023},
	author={{Numbeo}},
	year={2023},
	url={https://es.numbeo.com/criminalidad/clasificaciones-por-regi\%C3\%B3n?region=019\&title=2023}
}

@techreport{tec_PPIC,
	title={Tendencias del Crimen en California},
	author={{Magnus Lofstrom, Brandon Martin}},
	year={2023},
	institution={PPIC}
}

@misc{cu_track,
	title={Robo de autos en Perú: ¿Cuántos autos se roban al día?},
	author={Luis Castillo},
	year={2023},
	url={https://www.tracklink.pe/contenido/blog/robo-de-autos-peru-cuantos-autos-roban-dia/}
}

@misc{cu_infobae,
	title={Este es el día que más robos de celulares se registraron en el 2023, según reporte de Osiptel},
	author={Yenny Melo},
	year={2024},
	url={https://www.infobae.com/peru/2024/02/05/este-es-el-dia-que-mas-robos-de-celulares-se-registraron-en-el-2023-segun-reporte-de-osiptel/}
}

@misc{cu_luishernan,
	title={¿Cuántos usuarios consultan Waze mensualmente?},
	author={Luis Hernández},
	year={2022},
	url={https://noticias.autocosmos.com.co/2022/08/29/cuantos-usuarios-consultan-waze-mensualmente}
}

@misc{cu_comercio,
	title={Cada hora roban 200 celulares en el país: ¿Qué hay detrás del aumento de este delito?},
	author={Sebastián Ramírez},
	year={2023},
	url={https://elcomercio.pe/lima/osiptel-cada-hora-roban-200-celulares-en-el-pais-que-hay-detras-del-aumento-de-este-delito-operadoras-reportaron-723375-sustracciones-de-celulares-muertes-por-robo-de-celular-noticia/?ref=ecr}
}

@misc{cu_amcha,
	title={Venta de vehículos creció 2.4\% en el 2023},
	author={AmCham Perú},
	year={2024},
	url={https://amcham.org.pe/news/venta-de-vehiculos-crecio-2-4-en-el-2023/#:~:text=La\%20industria\%20automotriz\%20volvi\%C3\%B3\%20a,en\%20comparaci\%C3\%B3n\%20con\%20el\%202022}
}

%MARCO TEÓRICO


%MARCO CONCEPTUAL
@misc{gl_IBMIA,
	author    = {{IBM}},
	title     = "¿Qué es Deep Learning?",
	url = "https://www.ibm.com/es-es/topics/deep-learning"
}

@misc{gl_techopedia,
	author    = {{Techopedia}},
	title     = "Aprendizaje por refuerzo",
	year={2024},
	url = "https://www.techopedia.com/es/definicion/aprendizaje-por-refuerzo"
}

@misc{gl_Gamco,
	author    = {{Gamco}},
	title     = "¿Qué es Aprendizaje por refuerzo profundo?",
	url = "https://gamco.es/glosario/aprendizaje-por-refuerzo-profundo/"
}

@INPROCEEDINGS{pr_talaei,
	  author={Talaei, Tala and Ould, Hadjar and Kaabouch, Naima},
	  booktitle={Neural Computing and Applications}, 
	  title={Deep learning: systematic review, models, challenges, and research directions}, 
	  year={2023},
	  volume={35},
	  number={31},
	  pages={23103-23124},
	  doi={10.1007/s00521-023-08957-4}
}

@misc{gl_Nvidia,
	author    = {{Nvidia}},
	title     = "¿Qué Son las Graph Neural Networks?",
	year={2022},
	url = "https://la.blogs.nvidia.com/blog/que-son-las-graph-neural-networks/"
}

@misc{gl_humanidades,
	author    = {{Enciclopedia Humanidades}},
	title     = "Zona urbana",
	url = "https://humanidades.com/zona-urbana/"
}

@misc{gl_concepto,
	author    = {{Conceptualia}},
	title     = "Delincuencia",
	url = "https://conceptualia.es/cultura-y-sociedad/sociedad/delincuencia/"
}

@misc{gl_ruta,
	author    = {{Significado}},
	title     = "Definición de Ruta",
	url = "https://significado.com/ruta/"
}

@misc{gl_riesgo,
	author    = {{ConceptoDefinicion}},
	title     = "Definición de Riesgo",
	year={2023},
	url = "https://conceptodefinicion.de/riesgo/"
}

%ANTECEDENTES MIO
@INPROCEEDINGS{pr_esquivel,
	  author={Esquivel, Nicolás and Nicolis, Orietta and Márquez, Billy Peralta},
	  booktitle={2020 39th International Conference of the Chilean Computer Science Society (SCCC)}, 
	  title={Predicting Motor Vehicle Theft in Santiago de Chile using Graph-Convolutional LSTM}, 
	  year={2020},
	  volume={},
	  number={},
	  pages={1-7},
	  doi={10.1109/SCCC51225.2020.9281174}
}


@article{pr_saferoute,
	author = {Levy, Sharon and Xiong, Wenhan and Belding, Elizabeth and Wang, William},
	title = {SafeRoute: Learning to Navigate Streets Safely in an Urban Environment},
	year = {2020},
	publisher = {Association for Computing Machinery},
	volume = {11},
	number = {6},
	issn = {2157-6904},
	url = {https://doi.org/10.1145/3402818},
	doi = {10.1145/3402818},
	journal = {ACM Trans. Intell. Syst. Technol.}
}


@article{pr_areiza,
	author = {Areiza, Samuel and Cano, Sara and Serna, Andrea and Riascos, Jaime},
	title = {ALGORITMO PARA CALCULAR LA RUTA MÁS SEGURA Y ÓPTIMA.},
	year = {2022},
	publisher = {OSF},
	volume = {},
	number = {},
	url = {https://osf.io/preprints/osf/wd73v},
	doi = {10.31219/osf.io/wd73v},
	journal = {}
}


@article{pr_de,
	author = {Diya Li, Zhe Zhang, Bahareh Alizadeh, Ziyi Zhang, Nick Duffield, and et. al.},
	title = {A reinforcement learning-based routing algorithm for large street networks},
	journal = {International Journal of Geographical Information Science},
	volume = {38},
	number = {2},
	pages = {183-215},
	year = {2024},
	publisher = {Taylor \& Francis},
	doi = {10.1080/13658816.2023.2279975},
	url = {https://doi.org/10.1080/13658816.2023.2279975}
}


@article{pr_Ghoul,
title = {Real-time safest route identification: Examining the trade-off between safest and fastest routes},
journal = {Analytic Methods in Accident Research},
volume = {39},
pages = {100277},
year = {2023},
issn = {2213-6657},
doi = {https://doi.org/10.1016/j.amar.2023.100277},
url = {https://www.sciencedirect.com/science/article/pii/S221366572300012X},
author = {Tarek Ghoul and Tarek Sayed and Chuanyun Fu}
}


@article{pr_Soni,
author = {Soni, Shivangi and Gauri Shankar, Venkatesh and Sandeep, Chaurasia},
year = {2019},
month = {12},
pages = {1415-1428},
title = {Route-The Safe: A Robust Model for Safest Route Prediction Using Crime and Accidental Data},
volume = {28}
}


@article{pr_koh,
title = {Real-time deep reinforcement learning based vehicle navigation},
author = {Koh, Songsang and Zhou, Bo and Fang, Hui and Yang, Po and Yang, Zaili and Yang, Qiang and Guan, Lin and Ji, Zhigang},
journal = {Applied Soft Computing},
volume = {96},
pages = {106694},
year = {2020},
issn = {1568-4946},
doi = {https://doi.org/10.1016/j.asoc.2020.106694},
url = {https://www.sciencedirect.com/science/article/pii/S1568494620306323}
}

@article{ALMASAN,
title = {Deep reinforcement learning meets graph neural networks: Exploring a routing optimization use case},
journal = {Computer Communications},
volume = {196},
pages = {184-194},
year = {2022},
issn = {0140-3664},
doi = {https://doi.org/10.1016/j.comcom.2022.09.029},
url = {https://www.sciencedirect.com/science/article/pii/S0140366422003784},
author = {Paul Almasan and José Suárez-Varela and Krzysztof Rusek and Pere Barlet-Ros and Albert Cabellos-Aparicio}
}


@INPROCEEDINGS{pr_zhang,
  author={Zhang, Chenhan and Zhang, Shuyu and Yu, James J. Q. and Yu, Shui},
  booktitle={GLOBECOM 2020 - 2020 IEEE Global Communications Conference}, 
  title={An Enhanced Motif Graph Clustering-Based Deep Learning Approach for Traffic Forecasting}, 
  year={2020},
  volume={},
  number={},
  pages={1-6},
  keywords={Convolution;Roads;Deep learning;Matrix decomposition;Predictive models;Logic gates;Urban areas;smart city;intelligent transportation system;graph clustering;traffic speed prediction},
  doi={10.1109/GLOBECOM42002.2020.9322104}}
%%%%Articulos tecnicos
%%%%%%%%%%%%%%%%%%%%%%%%%%%%%%%%%%%%%%%%%%%%%%%%

%%%verificar si institution esta bien o author va bien
@misc{tec_vectorwords_tensorflow,
	title={Vector Representations of Words},
	author={{TensorFlow}},
	year={2019},
	url={https://www.tensorflow.org/tutorials/representation/word2vec}
}



%%%%Otros archivos
%%%%%%%%%%%%%%%%%%%%%%%%%%%%%%%%%%%%%%%%%%%%%%%%

%%sobre arbol de problemas

@misc{ot_marti2018manual,
	title={Manual formulación, evaluación y monitoreo de proyectos sociales},
	author={Martínez, Rodrigo and Cohen, Ernesto},
	year={2018},
	url={https://dds.cepal.org/redesoc/publicacion?id=242},
	pages={114-121}
}






